<record><leader>00000cas a22000007a 4500</leader><controlfield tag="001">52527523</controlfield><controlfield tag="008">030701c199u9999ksumr ne      0   a0rus c</controlfield><datafield ind1=" " ind2=" " tag="010"><subfield code="a">  2003213349</subfield></datafield><datafield ind1=" " ind2=" " tag="040"><subfield code="a">NSD</subfield><subfield code="b">eng</subfield><subfield code="c">NSD</subfield><subfield code="d">OCLCQ</subfield><subfield code="d">OCLCF</subfield><subfield code="d">OCLCO</subfield></datafield><datafield ind1=" " ind2=" " tag="012"><subfield code="l">1</subfield></datafield><datafield ind1="1" ind2=" " tag="022"><subfield code="a">1545-4339</subfield><subfield code="l">1545-4339</subfield><subfield code="2">1</subfield></datafield><datafield ind1="1" ind2=" " tag="029"><subfield code="a">AU@</subfield><subfield code="b">000024775042</subfield></datafield><datafield ind1=" " ind2=" " tag="037"><subfield code="b">P.O. Box 12127, Overland Park, KS 66282-2127</subfield></datafield><datafield ind1=" " ind2=" " tag="042"><subfield code="a">nsdp</subfield><subfield code="a">pcc</subfield></datafield><datafield ind1=" " ind2=" " tag="043"><subfield code="a">n-us-ks</subfield></datafield><datafield ind1="0" ind2="0" tag="050"><subfield code="a">ISSN RECORD</subfield></datafield><datafield ind1=" " ind2="0" tag="222"><subfield code="a">Golos immigranta</subfield></datafield><datafield ind1="0" ind2="0" tag="245"><subfield code="a">Golos immigranta.</subfield></datafield><datafield ind1=" " ind2=" " tag="250"><subfield code="a">Russkoe izd.</subfield></datafield><datafield ind1=" " ind2=" " tag="260"><subfield code="a">Overland Park, KS :</subfield><subfield code="b">RUS Pub.</subfield></datafield><datafield ind1=" " ind2=" " tag="300"><subfield code="a">v. :</subfield><subfield code="b">ill. ;</subfield><subfield code="c">43 cm.</subfield></datafield><datafield ind1=" " ind2=" " tag="310"><subfield code="a">Monthly</subfield></datafield><datafield ind1=" " ind2=" " tag="580"><subfield code="a">Issued with English language edition.</subfield></datafield><datafield ind1=" " ind2=" " tag="588"><subfield code="a">Description based on: T. 6, vyp. 2R (fevr. 2003 g.); title from caption.</subfield></datafield><datafield ind1=" " ind2="0" tag="651"><subfield code="a">Overland Park (Kan.)</subfield><subfield code="v">Newspapers.</subfield></datafield><datafield ind1=" " ind2="0" tag="650"><subfield code="a">Russian Americans</subfield><subfield code="v">Newspapers.</subfield></datafield><datafield ind1=" " ind2="7" tag="655"><subfield code="a">Newspapers.</subfield><subfield code="2">fast</subfield><subfield code="0">(OCoLC)fst01423814</subfield></datafield><datafield ind1=" " ind2="7" tag="650"><subfield code="a">Russian Americans.</subfield><subfield code="2">fast</subfield><subfield code="0">(OCoLC)fst01101969</subfield></datafield><datafield ind1=" " ind2="7" tag="651"><subfield code="a">Kansas</subfield><subfield code="z">Overland Park.</subfield><subfield code="2">fast</subfield><subfield code="0">(OCoLC)fst01205529</subfield></datafield><datafield ind1=" " ind2=" " tag="752"><subfield code="a">United States</subfield><subfield code="b">Kansas</subfield><subfield code="c">Johnson</subfield><subfield code="d">Overland Park.</subfield></datafield><datafield ind1="0" ind2="0" tag="780"><subfield code="t">Voice of Russians.</subfield></datafield><datafield ind1="1" ind2=" " tag="787"><subfield code="t">Voice of new Americans</subfield><subfield code="x">1545-4320</subfield><subfield code="w">(DLC)  2003213348</subfield><subfield code="w">(OCoLC)52527522</subfield></datafield></record>